@inproceedings{raskar2001self,
  title={A self-correcting projector},
  author={Raskar, Ramesh and Beardsley, Paul},
  booktitle={Computer Vision and Pattern Recognition, 2001. CVPR 2001. Proceedings of the 2001 IEEE Computer Society Conference on},
  volume={2},
  pages={II--504},
  year={2001},
  organization={IEEE}
}
@inproceedings{sukthankar2001smarter,
  title={Smarter presentations: Exploiting homography in camera-projector systems},
  author={Sukthankar, Rahul and Stockton, Robert G and Mullin, Matthew D},
  booktitle={Computer Vision, 2001. ICCV 2001. Proceedings. Eighth IEEE International Conference on},
  volume={1},
  pages={247--253},
  year={2001},
  organization={IEEE}
}
@inproceedings{baoxin2004automatic,
author={Baoxin Li and Sezan, I.},
booktitle={Image Processing, 2004. ICIP '04. 2004 International Conference on},
title={Automatic keystone correction for smart projectors with embedded camera},
year={2004},
month={Oct},
volume={4},
pages={2829-2832 Vol. 4},
keywords={CMOS image sensors;cameras;constraint theory;image processing;optical projectors;automatic keystone distortion correction-detection;embedded camera;physical constraint;smart self-adjusting projector;Computer vision;Costs;Home appliances;Image quality;Laboratories;Optical distortion;Optical imaging;Physics computing;Portable computers;Smart cameras},
doi={10.1109/ICIP.2004.1421693},
ISSN={1522-4880},}
