@inproceedings{raskar2001self,
  title={A self-correcting projector},
  author={Raskar, Ramesh and Beardsley, Paul},
  booktitle={Computer Vision and Pattern Recognition, 2001. CVPR 2001. Proceedings of the 2001 IEEE Computer Society Conference on},
  volume={2},
  pages={II--504},
  year={2001},
  organization={IEEE}
}
@inproceedings{sukthankar2001smarter,
  title={Smarter presentations: Exploiting homography in camera-projector systems},
  author={Sukthankar, Rahul and Stockton, Robert G and Mullin, Matthew D},
  booktitle={Computer Vision, 2001. ICCV 2001. Proceedings. Eighth IEEE International Conference on},
  volume={1},
  pages={247--253},
  year={2001},
  organization={IEEE}
}
